@article{Dupre:2015jha,
      author         = "Dupré, R. and Scopetta, S.",
      title          = "{3D Structure and Nuclear Targets}",
      journal        = "Eur. Phys. J.",
      volume         = "A52",
      year           = "2016",
      number         = "6",
      pages          = "159",
      doi            = "10.1140/epja/i2016-16159-1",
      eprint         = "1510.00794",
      archivePrefix  = "arXiv",
      primaryClass   = "nucl-ex",
      SLACcitation   = "%%CITATION = ARXIV:1510.00794;%%"
}


@article{Fucini:2019xlc,
      author         = "Fucini, Sara and Scopetta, Sergio and Viviani, Michele",
      title          = "{Catching a glimpse of the parton structure of the bound
                        proton}",
      journal        = "Phys. Rev.",
      volume         = "D101",
      year           = "2020",
      number         = "7",
      pages          = "071501",
      doi            = "10.1103/PhysRevD.101.071501",
      eprint         = "1909.12261",
      archivePrefix  = "arXiv",
      primaryClass   = "nucl-th",
      SLACcitation   = "%%CITATION = ARXIV:1909.12261;%%"
}

@article{Cloet:2019mql,
      author         = "Cloët, I. C. and others",
      title          = "{Exposing Novel Quark and Gluon Effects in Nuclei}",
      journal        = "J. Phys.",
      volume         = "G46",
      year           = "2019",
      number         = "9",
      pages          = "093001",
      doi            = "10.1088/1361-6471/ab2731",
      eprint         = "1902.10572",
      archivePrefix  = "arXiv",
      primaryClass   = "nucl-ex",
      SLACcitation   = "%%CITATION = ARXIV:1902.10572;%%"
}

@article{Fucini:2018gso,
      author         = "Fucini, Sara and Scopetta, Sergio and Viviani, Michele",
      title          = "{Coherent deeply virtual Compton scattering off $^4$He}",
      journal        = "Phys. Rev.",
      volume         = "C98",
      year           = "2018",
      number         = "1",
      pages          = "015203",
      doi            = "10.1103/PhysRevC.98.015203",
      eprint         = "1805.05877",
      archivePrefix  = "arXiv",
      primaryClass   = "nucl-th",
      SLACcitation   = "%%CITATION = ARXIV:1805.05877;%%"
}

@article{Armstrong:2017zcm,
      author         = "Armstrong, Whitney R. and others",
      title          = "{Spectator-Tagged Deeply Virtual Compton Scattering on
                        Light Nuclei, arxiv:1708.00835/nucl-ex.}",
      year           = "2017",
      eprint         = "1708.00835",
      archivePrefix  = "arXiv",
      primaryClass   = "nucl-ex",
      SLACcitation   = "%%CITATION = ARXIV:1708.00835;%%"
}

@article{Armstrong:2017wfw,
      author         = "Armstrong, Whitney and others",
      title          = "{Partonic Structure of Light Nuclei,
      arxiv:1708.00888/nucl-ex}",
      year           = "2017",
      eprint         = "1708.00888",
      archivePrefix  = "arXiv",
      primaryClass   = "nucl-ex",
      SLACcitation   = "%%CITATION = ARXIV:1708.00888;%%"
}

@article{Rinaldi:2012ft,
      author         = "Rinaldi, M. and Scopetta, S.",
      title          = "{Extracting  generalized neutron parton distributions
                        from $^3He$ data}",
      journal        = "Phys. Rev.",
      volume         = "C87",
      year           = "2013",
      number         = "3",
      pages          = "035208",
      doi            = "10.1103/PhysRevC.87.035208",
      eprint         = "1208.2831",
      archivePrefix  = "arXiv",
      primaryClass   = "nucl-th",
      SLACcitation   = "%%CITATION = ARXIV:1208.2831;%%"
}

@article{Rinaldi:2012pj,
      author         = "Rinaldi, M. and Scopetta, S.",
      title          = "{Neutron orbital structure from generalized parton
                        distributions of 3He}",
      journal        = "Phys. Rev.",
      volume         = "C85",
      year           = "2012",
      pages          = "062201",
      doi            = "10.1103/PhysRevC.85.062201",
      eprint         = "1204.0723",
      archivePrefix  = "arXiv",
      primaryClass   = "nucl-th",
      SLACcitation   = "%%CITATION = ARXIV:1204.0723;%%"
}

@article{Scopetta:2009sn,
      author         = "Scopetta, S.",
      title          = "{Conventional nuclear effects on generalized parton
                        distributions of trinucleons}",
      journal        = "Phys. Rev.",
      volume         = "C79",
      year           = "2009",
      pages          = "025207",
      doi            = "10.1103/PhysRevC.79.025207",
      eprint         = "0901.3058",
      archivePrefix  = "arXiv",
      primaryClass   = "nucl-th",
      SLACcitation   = "%%CITATION = ARXIV:0901.3058;%%"
}

@article{Scopetta:2004kj,
      author         = "Scopetta, Sergio",
      title          = "{Generalized parton distributions of He-3}",
      journal        = "Phys. Rev.",
      volume         = "C70",
      year           = "2004",
      pages          = "015205",
      doi            = "10.1103/PhysRevC.70.015205",
      eprint         = "nucl-th/0404014",
      archivePrefix  = "arXiv",
      primaryClass   = "nucl-th",
      SLACcitation   = "%%CITATION = NUCL-TH/0404014;%%"
}

@article{Hattawy:2018liu,
      author         = "Hattawy, M. and others",
      title          = "{Exploring the Structure of the Bound Proton with Deeply
                        Virtual Compton Scattering}",
      collaboration  = "CLAS",
      journal        = "Phys. Rev. Lett.",
      volume         = "123",
      year           = "2019",
      number         = "3",
      pages          = "032502",
      doi            = "10.1103/PhysRevLett.123.032502",
      eprint         = "1812.07628",
      archivePrefix  = "arXiv",
      primaryClass   = "nucl-ex",
      reportNumber   = "JLAB-PHY-19-2819",
      SLACcitation   = "%%CITATION = ARXIV:1812.07628;%%"
}

@article{Hattawy:2017woc,
      author         = "Hattawy, M. and others",
      title          = "{First Exclusive Measurement of Deeply Virtual Compton
                        Scattering off $^4$He: Toward the 3D Tomography of
                        Nuclei}",
      collaboration  = "CLAS",
      journal        = "Phys. Rev. Lett.",
      volume         = "119",
      year           = "2017",
      number         = "20",
      pages          = "202004",
      doi            = "10.1103/PhysRevLett.119.202004",
      eprint         = "1707.03361",
      archivePrefix  = "arXiv",
      primaryClass   = "nucl-ex",
      reportNumber   = "JLAB-PHY-17-2543",
      SLACcitation   = "%%CITATION = ARXIV:1707.03361;%%"
}

@article{Polyakov:2018zvc,
      author         = "Polyakov, Maxim V. and Schweitzer, Peter",
      title          = "{Forces inside hadrons: pressure, surface tension,
                        mechanical radius, and all that}",
      journal        = "Int. J. Mod. Phys.",
      volume         = "A33",
      year           = "2018",
      number         = "26",
      pages          = "1830025",
      doi            = "10.1142/S0217751X18300259",
      eprint         = "1805.06596",
      archivePrefix  = "arXiv",
      primaryClass   = "hep-ph",
      SLACcitation   = "%%CITATION = ARXIV:1805.06596;%%"
}

@article{Jung:2014jja,
      author         = "Jung, Ju-Hyun and Yakhshiev, Ulugbek and Kim, Hyun-Chul
                        and Schweitzer, Peter",
      title          = "{In-medium modified energy-momentum tensor form factors
                        of the nucleon within the framework of a
                        $\pi$-$\rho$-$\omega$ soliton model}",
      journal        = "Phys. Rev.",
      volume         = "D89",
      year           = "2014",
      number         = "11",
      pages          = "114021",
      doi            = "10.1103/PhysRevD.89.114021",
      eprint         = "1402.0161",
      archivePrefix  = "arXiv",
      primaryClass   = "hep-ph",
      reportNumber   = "INHA-NTG-03-2014",
      SLACcitation   = "%%CITATION = ARXIV:1402.0161;%%"
}

@article{Polyakov:1999gs,
      author         = "Polyakov, Maxim V. and Weiss, C.",
      title          = "{Skewed and double distributions in pion and nucleon}",
      journal        = "Phys. Rev.",
      volume         = "D60",
      year           = "1999",
      pages          = "114017",
      doi            = "10.1103/PhysRevD.60.114017",
      eprint         = "hep-ph/9902451",
      archivePrefix  = "arXiv",
      primaryClass   = "hep-ph",
      reportNumber   = "RUB-TPII-1-99",
      SLACcitation   = "%%CITATION = HEP-PH/9902451;%%"
}

@article{Polyakov:2002yz,
      author         = "Polyakov, M. V.",
      title          = "{Generalized parton distributions and strong forces
                        inside nucleons and nuclei}",
      journal        = "Phys. Lett.",
      volume         = "B555",
      year           = "2003",
      pages          = "57-62",
      doi            = "10.1016/S0370-2693(03)00036-4",
      eprint         = "hep-ph/0210165",
      archivePrefix  = "arXiv",
      primaryClass   = "hep-ph",
      reportNumber   = "RUB-TP2-14-02",
      SLACcitation   = "%%CITATION = HEP-PH/0210165;%%"
}

@article{Pasquini:2014vua,
      author         = "Pasquini, B. and Polyakov, M. V. and Vanderhaeghen, M.",
      title          = "{Dispersive evaluation of the D-term form factor in
                        deeply virtual Compton scattering}",
      journal        = "Phys. Lett.",
      volume         = "B739",
      year           = "2014",
      pages          = "133-138",
      doi            = "10.1016/j.physletb.2014.10.047",
      eprint         = "1407.5960",
      archivePrefix  = "arXiv",
      primaryClass   = "hep-ph",
      SLACcitation   = "%%CITATION = ARXIV:1407.5960;%%"
}

@article{Guidal:2013rya,
      author         = "Guidal, Michel and Moutarde, Hervé and Vanderhaeghen,
                        Marc",
      title          = "{Generalized Parton Distributions in the valence region
                        from Deeply Virtual Compton Scattering}",
      journal        = "Rept. Prog. Phys.",
      volume         = "76",
      year           = "2013",
      pages          = "066202",
      doi            = "10.1088/0034-4885/76/6/066202",
      eprint         = "1303.6600",
      archivePrefix  = "arXiv",
      primaryClass   = "hep-ph",
      SLACcitation   = "%%CITATION = ARXIV:1303.6600;%%"
}

@article{Diehl:2007jb,
      author         = "Diehl, M. and Ivanov, D. {\relax Yu}.",
      title          = "{Dispersion representations for hard exclusive processes:
                        beyond the Born approximation}",
      journal        = "Eur. Phys. J.",
      volume         = "C52",
      year           = "2007",
      pages          = "919-932",
      doi            = "10.1140/epjc/s10052-007-0401-9",
      eprint         = "0707.0351",
      archivePrefix  = "arXiv",
      primaryClass   = "hep-ph",
      reportNumber   = "DESY-07-094",
      SLACcitation   = "%%CITATION = ARXIV:0707.0351;%%"
}

@article{Anikin:2007yh,
      author         = "Anikin, I. V. and Teryaev, O. V.",
      title          = "{Dispersion relations and subtractions in hard exclusive
                        processes}",
      journal        = "Phys. Rev.",
      volume         = "D76",
      year           = "2007",
      pages          = "056007",
      doi            = "10.1103/PhysRevD.76.056007",
      eprint         = "0704.2185",
      archivePrefix  = "arXiv",
      primaryClass   = "hep-ph",
      SLACcitation   = "%%CITATION = ARXIV:0704.2185;%%"
}

@article{Belitsky:2001ns,
      author         = "Belitsky, Andrei V. and Mueller, Dieter and Kirchner, A.",
      title          = "{Theory of deeply virtual Compton scattering on the
                        nucleon}",
      journal        = "Nucl. Phys.",
      volume         = "B629",
      year           = "2002",
      pages          = "323-392",
      doi            = "10.1016/S0550-3213(02)00144-X",
      eprint         = "hep-ph/0112108",
      archivePrefix  = "arXiv",
      primaryClass   = "hep-ph",
      reportNumber   = "DOE-ER-40762-009, UMD-PP-02-011, YITP-SB-01-51",
      SLACcitation   = "%%CITATION = HEP-PH/0112108;%%"
}

@article{Belitsky:2008bz,
      author         = "Belitsky, Andrei V. and Mueller, Dieter",
      title          = "{Refined analysis of photon leptoproduction off spinless
                        target}",
      journal        = "Phys. Rev.",
      volume         = "D79",
      year           = "2009",
      pages          = "014017",
      doi            = "10.1103/PhysRevD.79.014017",
      eprint         = "0809.2890",
      archivePrefix  = "arXiv",
      primaryClass   = "hep-ph",
      SLACcitation   = "%%CITATION = ARXIV:0809.2890;%%"
}

@article{Radyushkin:2011dh,
      author         = "Radyushkin, A. V.",
      title          = "{Generalized Parton Distributions and Their
                        Singularities}",
      journal        = "Phys. Rev.",
      volume         = "D83",
      year           = "2011",
      pages          = "076006",
      doi            = "10.1103/PhysRevD.83.076006",
      eprint         = "1101.2165",
      archivePrefix  = "arXiv",
      primaryClass   = "hep-ph",
      reportNumber   = "JLAB-THY-11-06",
      SLACcitation   = "%%CITATION = ARXIV:1101.2165;%%"
}
